<record><leader>00000cas a22000007a 4500</leader><controlfield tag="001">15144646</controlfield><controlfield tag="008">870203d18521853pauwr ne      0    0eng d</controlfield><datafield ind1=" " ind2=" " tag="010"><subfield code="a">sn 87079957 </subfield></datafield><datafield ind1=" " ind2=" " tag="040"><subfield code="a">NPH</subfield><subfield code="b">eng</subfield><subfield code="c">NPH</subfield><subfield code="d">OCLCQ</subfield></datafield><datafield ind1=" " ind2=" " tag="042"><subfield code="a">msc</subfield></datafield><datafield ind1="0" ind2="4" tag="245"><subfield code="a">The Mountain echo, Johnstown commercial advertiser and intelligencer.</subfield></datafield><datafield ind1="1" ind2="3" tag="246"><subfield code="a">Mountain echo, and Johnstown commercial advertiser and intelligencer</subfield></datafield><datafield ind1="3" ind2="0" tag="246"><subfield code="a">Echo</subfield></datafield><datafield ind1=" " ind2=" " tag="260"><subfield code="a">Johnstown, Pa. :</subfield><subfield code="b">G. Nelson Smith</subfield></datafield><datafield ind1=" " ind2=" " tag="300"><subfield code="a">v.</subfield></datafield><datafield ind1=" " ind2=" " tag="310"><subfield code="a">Weekly</subfield></datafield><datafield ind1="1" ind2=" " tag="362"><subfield code="a">Began in 1852; ceased in May, 1853?</subfield></datafield><datafield ind1=" " ind2=" " tag="500"><subfield code="a">"A family paper devoted to politics, domestic and foreign news, literature, correspondence, speeches, amusements, tales, poetry,?."</subfield></datafield><datafield ind1=" " ind2=" " tag="500"><subfield code="a">Editor: Eml. J. Pershing, &lt;1853&gt;.</subfield></datafield><datafield ind1=" " ind2=" " tag="515"><subfield code="a">Issues for &lt;May 11, 1853&gt; called also &lt;whole no. 106&gt;.</subfield></datafield><datafield ind1=" " ind2=" " tag="588"><subfield code="a">Description based on: Vol. [1], no. 2 (May 11, 1853).</subfield></datafield><datafield ind1=" " ind2=" " tag="752"><subfield code="a">United States</subfield><subfield code="b">Pennsylvania</subfield><subfield code="c">Cambria</subfield><subfield code="d">Johnstown.</subfield></datafield><datafield ind1="0" ind2="0" tag="780"><subfield code="t">Mountain echo (Johnstown, Pa. : 1851)</subfield><subfield code="w">(DLC)sn 87079958</subfield></datafield><datafield ind1="0" ind2="0" tag="780"><subfield code="t">Allegheny mountain echo, and Johnstown commercial advertiser and intelligencer</subfield><subfield code="w">(DLC)sn 83025962</subfield></datafield><datafield ind1="1" ind2=" " tag="029"><subfield code="a">AU@</subfield><subfield code="b">000025809928</subfield></datafield></record>